<?xml version="1.0" encoding="UTF-8"?><collection><record><leader>06321ntm a2200613 a 4500</leader><controlfield tag="001">006818016</controlfield><controlfield tag="003">MiAaHDL</controlfield><controlfield tag="005">20190719000000.0</controlfield><controlfield tag="006">m        d        </controlfield><controlfield tag="007">cr bn ---auaua</controlfield><controlfield tag="008">090612s17uu    xx            00| ||per d</controlfield><datafield tag="035" ind1=" " ind2=" "><subfield code="a">(MiU)006818016</subfield></datafield><datafield tag="035" ind1=" " ind2=" "><subfield code="a">sdr-miu006818016</subfield></datafield><datafield tag="040" ind1=" " ind2=" "><subfield code="a">MiU</subfield><subfield code="c">MiU</subfield><subfield code="e">amremm</subfield></datafield><datafield tag="043" ind1=" " ind2=" "><subfield code="a">n-us-mi</subfield></datafield><datafield tag="100" ind1="1" ind2=" "><subfield code="6">880-01</subfield><subfield code="a">ʻUrfī Shīrāzī, Muḥammad,</subfield><subfield code="d">1555 or 1556-1590 or 1591.</subfield></datafield><datafield tag="245" ind1="1" ind2="0"><subfield code="6">880-03</subfield><subfield code="a">Risālat al-taṣavvuf,</subfield><subfield code="f">[18th century?].</subfield></datafield><datafield tag="246" ind1="3" ind2=" "><subfield code="i">Title from al-Dharīʻah:</subfield><subfield code="a">نفسية</subfield></datafield><datafield tag="246" ind1="3" ind2=" "><subfield code="a">Risālat al-taṣawwuf</subfield></datafield><datafield tag="260" ind1=" " ind2=" "><subfield code="c">[17--?].</subfield></datafield><datafield tag="300" ind1=" " ind2=" "><subfield code="a">12 leaves :</subfield><subfield code="b">paper ;</subfield><subfield code="c">235 x 135 (152 x 70) mm. bound to 240 x 140 mm.</subfield></datafield><datafield tag="500" ind1=" " ind2=" "><subfield code="a">Shelfmark: Ann Arbor, University of Michigan, Special Collections Library, Isl. Ms. 353</subfield></datafield><datafield tag="500" ind1=" " ind2=" "><subfield code="a">Origin: As appears in colophon on fol.4b and fol.12b, executed by Muḥammad ʻAlī ibn Muḥammad Ḥusayn al-Tabrīzī. Date of transcription not specified, decoration, etc. would suggest 18th century.</subfield></datafield><datafield tag="500" ind1=" " ind2=" "><subfield code="a">Former shelfmark: "459 T. De M. [i.e. Tammaro De Marinis]" inscribed in pencil on verso of front flyleaf.</subfield></datafield><datafield tag="500" ind1=" " ind2=" "><subfield code="a">Binding: Pasteboards covered in mahogany leather ; Type III binding (without flap) but covers not flush with text block ; pastedowns and flyleaves in orange surface-dyed, coated paper ; upper and lower covers carry central gold-tooled interlace ornament with central knot evoking a diamond shape as well as tooled and stamped borders in gold ; sewn in red thread, four stations ; overall in fairly good condition with only minor abrasion though cover fully detached with hinges (via attachment at pastedown) split.</subfield></datafield><datafield tag="500" ind1=" " ind2=" "><subfield code="a">Support: non-European (likely Persian) laid paper with 9 laid lines per cm. (horizontal and vertical, curved and fairly distinct though cloudy formation) and no chain lines visible, thin and crisp though sturdy, heavily sized and burnished, beige in color ; flyleaves in surface-dyed wove paper.</subfield></datafield><datafield tag="500" ind1=" " ind2=" "><subfield code="a">Decoration: Superb illuminated headpiece (ʻunwān / sarlawḥ) at opening on fol.1b consisting of rectangular piece with empty gold cartouche flanked by vegetal accents in blue (cobalt) and red on a gold ground bordered in bands of gold and lime green, surmounted by tall, scalloped w-shaped piece with swirling floral vegetal decoration on grounds of cobalt and gold itself set in a well gold and red bands and surmounted by vertical stalks (tīgh) in blue and red ; a second splendid illuminated headpiece (ʻunwān / sarlawḥ) appears at opening of the Risālah on fol.5b consisting of large rectangular piece with gold cartouche carrying the basmalah in white surrounded by floral motifs in gold, mauve, turquoise, light blue, etc. on a cobalt ground and bordered in a narrow red band and heavy band of gold interlace, surmounted by vertically elongated dome (or hasp) set in rectangular band filled with swirling floral vegetal decoration in gold, mauve, red, light blue, turquoise, etc. on a cobalt ground with gold accents, bordered in gold and red bands and surmounted by vertical stalks (tīgh) in blue ; illuminated tailpiece at close on fol.12b consisting of triangular pieces flanking 'colophon' text ; written area throughout surrounded by a frame consisting of heavy gold band flanked by narrower gold bands with outermost blue and red rules ; textual dividers in the form of illuminated rosettes with red and blue accents ; floral designs in gold set off written area.</subfield></datafield><datafield tag="500" ind1=" " ind2=" "><subfield code="a">Script: Nastaʻlīq (talik) ; elegant hand in a medium line ; serifless, with effect of words descending to baseline, closed counters, elongation and contrasting thickness of horizontal strokes, pointing in conjoined dots.</subfield></datafield><datafield tag="500" ind1=" " ind2=" "><subfield code="a">Layout: Written in 15 lines per page, occasionally divided to two columns to set off poetry ; frame-ruled.</subfield></datafield><datafield tag="500" ind1=" " ind2=" "><subfield code="a">Collation: i, II (4), IV (12), i ; catchwords present.</subfield></datafield><datafield tag="500" ind1=" " ind2=" "><subfield code="a">Colophon: [close of opening dedication, fol.4b] "Scribal," reads "كتبه العبد المذنب محمد على بن محمد حسين التبريزى غفر الله لهما"</subfield></datafield><datafield tag="500" ind1=" " ind2=" "><subfield code="a">Dedication: Composed for the sultan named on fol.2b, "السلطان ابن السلطان السلطان الغازى سلطان خليل [بن؟] محمد خان خلد الله ظلال خلافته ..." ; despite addition of "بن" likely Mehmet III (r.1595-1603).</subfield></datafield><datafield tag="500" ind1=" " ind2=" "><subfield code="a">Explicit: [Risālat al-taṣavvuf] "و درجۀ سعادت رسى آمين الحمد لله رب العالمين اثر كلك محمد على"</subfield></datafield><datafield tag="500" ind1=" " ind2=" "><subfield code="a">Incipit: [Risālat al-taṣavvuf] "حمدی که نهایت شایستگی منزه از شایبۀ یقین و تخصیص آمده ..."</subfield></datafield><datafield tag="500" ind1=" " ind2=" "><subfield code="a">Title from inscription on 'title page' (fol.5a).</subfield></datafield><datafield tag="500" ind1=" " ind2=" "><subfield code="a">Ms. codex.</subfield></datafield><datafield tag="505" ind1="0" ind2=" "><subfield code="a">2. fol.5a-fol.12b : Risālat al-taṣavvuf / ʻUrfī Shīrāzī.</subfield></datafield><datafield tag="505" ind1="0" ind2=" "><subfield code="a">1. fol.1b-fol.4b : [lengthy dedication comprised mainly of prayers].</subfield></datafield><datafield tag="510" ind1="4" ind2=" "><subfield code="a">Āghā Buzurg al-Ṭihrānī. al-Dharīʻah ilá taṣānīf al-Shīʻah,</subfield><subfield code="c">no.1365, v.24</subfield></datafield><datafield tag="510" ind1="4" ind2=" "><subfield code="a">Cat. Pers. MSS. Brit. Mus.,</subfield><subfield code="c">p.667 f.</subfield></datafield><datafield tag="520" ind1="8" ind2=" "><subfield code="a">Elegant copy of a brief Ṣūfī treatise by ʻUrfī Shīrāzī preceded by a lengthy dedication with prayers for the reigning sultan, possibly Mehmet III (r.1595-1603) or his successor (see fol.2b).</subfield></datafield><datafield tag="538" ind1=" " ind2=" "><subfield code="a">Mode of access: Internet.</subfield></datafield><datafield tag="541" ind1=" " ind2=" "><subfield code="c">Purchase ;</subfield><subfield code="a">Acquired by purchase (funds donated by Horace Rackham).</subfield><subfield code="d">1924.</subfield></datafield><datafield tag="546" ind1=" " ind2=" "><subfield code="a">Persian.</subfield></datafield><datafield tag="561" ind1=" " ind2=" "><subfield code="a">Inscriptions in pencil on verso of front flyleaf "459 T. De M. [i.e. Tammaro De Marinis]" ; clean copy.</subfield></datafield><datafield tag="650" ind1=" " ind2="0"><subfield code="a">Manuscripts, Persian</subfield><subfield code="z">Michigan</subfield><subfield code="z">Ann Arbor.</subfield></datafield><datafield tag="650" ind1=" " ind2="0"><subfield code="a">Sufism</subfield><subfield code="v">Early works to 1800.</subfield></datafield><datafield tag="655" ind1=" " ind2="7"><subfield code="a">Headpieces (layout features)</subfield><subfield code="y">18th century.</subfield><subfield code="2">aat</subfield></datafield><datafield tag="700" ind1="0" ind2=" "><subfield code="a">Abdülhamid</subfield><subfield code="b">II,</subfield><subfield code="c">Sultan of the Turks,</subfield><subfield code="d">1842-1918,</subfield><subfield code="e">former owner.</subfield></datafield><datafield tag="700" ind1="0" ind2=" "><subfield code="6">880-05</subfield><subfield code="a">Muḥammad ʻAlī ibn Muḥammad Ḥusayn al-Tabrīzī,</subfield><subfield code="d">fl. 18th cent.?,</subfield><subfield code="e">scribe.</subfield></datafield><datafield tag="773" ind1="0" ind2=" "><subfield code="a">Abdul Hamid Collection.</subfield></datafield><datafield tag="880" ind1="0" ind2=" "><subfield code="6">700-05/</subfield><subfield code="a">محمد على بن محمد حسين التبريزى،</subfield><subfield code="e">ناسخ.</subfield></datafield><datafield tag="880" ind1="1" ind2="0"><subfield code="6">245-03/</subfield><subfield code="a">رسالة التصوف,</subfield><subfield code="f">[قرن 18م؟].</subfield></datafield><datafield tag="880" ind1="1" ind2=" "><subfield code="6">100-01/</subfield><subfield code="a">عرفى شيرازى, محمد.</subfield></datafield><datafield tag="CID" ind1=" " ind2=" "><subfield code="a">006818016</subfield></datafield><datafield tag="DAT" ind1="0" ind2=" "><subfield code="a">20190719102639.0</subfield><subfield code="b">20190719000000.0</subfield></datafield><datafield tag="DAT" ind1="1" ind2=" "><subfield code="a">20190719090653.0</subfield><subfield code="b">2019-07-19T16:11:46Z</subfield></datafield><datafield tag="DAT" ind1="2" ind2=" "><subfield code="a">2015-10-02T18:00:03Z</subfield></datafield><datafield tag="CAT" ind1=" " ind2=" "><subfield code="a">SDR-MIU</subfield><subfield code="d">EX LIBRIS - ALEPH</subfield><subfield code="l">prepare.pl-004-008</subfield></datafield><datafield tag="FMT" ind1=" " ind2=" "><subfield code="a">BK</subfield></datafield><datafield tag="HOL" ind1=" " ind2=" "><subfield code="0">sdr-miu006818016</subfield><subfield code="a">MiU</subfield><subfield code="b">SDR</subfield><subfield code="c">MIU</subfield><subfield code="p">mdp.39015079129790</subfield><subfield code="s">MIU</subfield><subfield code="1">006818016</subfield></datafield><datafield tag="974" ind1=" " ind2=" "><subfield code="b">MIU</subfield><subfield code="c">MIU</subfield><subfield code="d">20190719</subfield><subfield code="s">lit-dlps-dc</subfield><subfield code="u">mdp.39015079129790</subfield><subfield code="y">1799</subfield><subfield code="r">pd</subfield><subfield code="q">bib</subfield><subfield code="t">non-US bib date1 &lt; 1879</subfield></datafield></record></collection>